<record><leader>00000cas a22000007a 4500</leader><controlfield tag="001">12719099</controlfield><controlfield tag="008">851025c18959999wiudn ne      0   a0eng d</controlfield><datafield ind1=" " ind2=" " tag="010"><subfield code="a">sn 85004912 </subfield></datafield><datafield ind1=" " ind2=" " tag="040"><subfield code="a">NSD</subfield><subfield code="b">eng</subfield><subfield code="c">NSD</subfield><subfield code="d">NPV</subfield><subfield code="d">OCLCQ</subfield></datafield><datafield ind1=" " ind2=" " tag="012"><subfield code="l">1</subfield><subfield code="m">1</subfield></datafield><datafield ind1="1" ind2=" " tag="022"><subfield code="a">0885-680X</subfield><subfield code="l">0885-680X</subfield><subfield code="2">1</subfield></datafield><datafield ind1=" " ind2=" " tag="032"><subfield code="a">699180</subfield><subfield code="b">USPS</subfield></datafield><datafield ind1=" " ind2=" " tag="037"><subfield code="b">Watertown Daily Times, 115 W. Main St., Watertown, WI 53094</subfield></datafield><datafield ind1=" " ind2=" " tag="042"><subfield code="a">nsdp</subfield></datafield><datafield ind1="0" ind2=" " tag="130"><subfield code="a">Watertown daily times (Watertown, Wis.)</subfield></datafield><datafield ind1=" " ind2="0" tag="222"><subfield code="a">Watertown daily times</subfield><subfield code="b">(Watertown, Wis.)</subfield></datafield><datafield ind1="1" ind2="0" tag="245"><subfield code="a">Watertown daily times.</subfield></datafield><datafield ind1=" " ind2=" " tag="260"><subfield code="a">Watertown, Wis. :</subfield><subfield code="b">Times Pub. Co.</subfield></datafield><datafield ind1=" " ind2=" " tag="310"><subfield code="a">Daily (except Sundays and holidays)</subfield></datafield><datafield ind1="1" ind2=" " tag="362"><subfield code="a">Began with Nov. 23, 1895 issue.</subfield><subfield code="z">Cf. Oehlerts, d. E. Guide to Wis. newspapers.</subfield></datafield><datafield ind1=" " ind2=" " tag="588"><subfield code="a">Description based on: Vol. 2, no. 39 (Jan. 2, 1897).</subfield></datafield><datafield ind1=" " ind2=" " tag="752"><subfield code="a">United States</subfield><subfield code="b">Wisconsin</subfield><subfield code="c">Dodge</subfield><subfield code="d">Watertown.</subfield></datafield><datafield ind1=" " ind2=" " tag="752"><subfield code="a">United States</subfield><subfield code="b">Wisconsin</subfield><subfield code="c">Jefferson</subfield><subfield code="d">Watertown.</subfield></datafield><datafield ind1="0" ind2="5" tag="780"><subfield code="t">Watertown daily leader (Watertown, Wis. : 1916)</subfield><subfield code="w">(DLC)sn 85040726</subfield></datafield><datafield ind1=" " ind2=" " tag="936"><subfield code="a">Oct. 1, 1985</subfield></datafield><datafield ind1="1" ind2=" " tag="029"><subfield code="a">AU@</subfield><subfield code="b">000025800939</subfield></datafield></record>